@inproceedings{azli2017a,
  author = {Azli Yahya},
  date = {2017},
  title = {4th Industrial Revolution: The Future of Machining},
  pages = {3},
  publisher = {Institute of Electrical and Electronics Engineers},
  booktitle = {4th International Conference on Information Technology, Computer, and Electrical Engineering (ICITACEE)},
  address = {Semarang}
}
@article{budianto2018a,
  author = {Budianto, A.},
  date = {2018},
  title = {Automatic License Plate Recognition: A Review with Indonesian Case Study},
  volume = {5},
  pages = {258–270},
  journal = {Scientific Journal of Informatics}
}
@article{ichwana2018a,
  author = {Ichwana, D. and Aisuwarya, R. and Ardopa, S. and Purnama, I.},
  date = {2018},
  title = {Sistem Cerdas Reservasi dan Pemantauan Parkir pada Lokasi Kampus Berbasis Konsep Internet of Things},
  volume = {6},
  pages = {57–63},
  journal = {Jurnal Teknologi dan Sistem Komputer}
}
@article{limantara2017a,
  author = {Limantara, A.D. and Y.C., Purnomo, and S.W., Mudjanarko,},
  date = {2017},
  title = {Pemodelan Sistem Pelacakan Lot Parkir Kosong Berbasis Sensor Ultrasonic dan Internet of Things (Iot) Pada Lahan Parkir Diluar Jalan},
  pages = {1},
  journal = {Seminar Nasional Sains dan Teknologi}
}
@misc{rahayu2019a,
  author = {Rahayu, N.},
  date = {2019},
  title = {Mengenal Revolusi Industri dari 1.0 hingga 4.0},
  note = {Retrieved from Warta Ekonomi:},
  url = {https://www.wartaekonomi.co.id/read226785/mengenal-revolusi-industri-dari-10-hingga-40.html}
}
@book{singgeta2018a,
  author = {Singgeta, R.L. and P.D., Manembu, and M.D., Rembet,},
  date = {2018},
  title = {Sistem Pengamanan Pintu Rumah Dengan RFID Berbasis Wireless ESP8266},
  publisher = {Seminar Nasional Riset dan Teknologi Terapan},
  pages = {87–97}
}
@article{suharman2019a,
  author = {Suharman, and W., Murti,},
  date = {2019},
  title = {Kajian Industri 4.0 Untuk Penerapannya di Indonesia},
  volume = {03},
  pages = {1},
  journal = {Jurnal Manajemen Industri dan Logistik}
}
@article{wakhidah2012a,
  author = {Wakhidah, N.},
  date = {2012},
  title = {Deteksi Plat Nomor Kendaraan Bermotor Berdasarkan Area pada Image Segmentatio},
  volume = {9},
  pages = {55 – 63},
  journal = {JURNAL TRANSFORMATIKA}
}
@book{wicaksono2018a,
  author = {Wicaksono, M.F.},
  date = {2018},
  title = {Mudah Belajar Raspberry Pi},
  publisher = {INFORMATIKA},
  address = {Bandung}
}
@book{dinarta2018a,
  author = {Dinata, A.},
  date = {2018},
  title = {Fun Coding with MicroPython},
  publisher = {Elex Media Komputindo},
  address = {Jakarta}
}